@article{www,
  title={World-{W}ide {W}eb: {T}he information universe},
  author={Berners-Lee, Tim and Cailliau, Robert and Groff, Jean-Fran{\c{c}}ois and Pollermann, Bernd},
  journal={Internet Research},
  volume={2},
  number={1},
  pages={52--58},
  year={1992},
  publisher={MCB University Press Ltd}
}

@book{crickard2014leaflet,
  title={Leaflet. js Essentials},
  author={Crickard III, Paul},
  year={2014},
  publisher={Packt Publishing Ltd}
}

@book{bennett2010openstreetmap,
  title={OpenStreetMap},
  author={Bennett, Jonathan},
  year={2010},
  publisher={Packt Publishing Ltd}
}

